%% This BibTeX bibliography file was created using BibDesk.
%% https://bibdesk.sourceforge.io/

%% Created for Yannis Schmutz at 2019-08-28 19:37:36 +0200 


%% Saved with string encoding Unicode (UTF-8) 



@book{ref:ai_1,
	Author = {Uwe L{\"a}mmel and J{\"u}rgen Cleve},
	Date-Added = {2019-08-28 19:32:11 +0200},
	Date-Modified = {2019-08-28 19:37:36 +0200},
	Publisher = {Carl Hanser Verlag M{\"u}nchen},
	Title = {K{\"u}nstliche Intelligenz},
	Year = {2012}}

@book{ref:nn_1,
	Author = {Tariq Rashid},
	Date-Added = {2019-08-28 19:30:16 +0200},
	Date-Modified = {2019-08-28 19:35:08 +0200},
	Publisher = {O'REILLY},
	Title = {Neuronale Netze selbst programmieren},
	Year = {2017}}

@book{ref:ds_1,
	Author = {Joel Grus},
	Date-Added = {2019-08-28 19:14:02 +0200},
	Date-Modified = {2019-08-28 19:35:19 +0200},
	Publisher = {O'REILLY},
	Title = {Einf{\"u}hrung in Data Science},
	Year = {2016}}
